@online{ssh-cisco,
    note = {Настройка SSH в Cisco // Хабр URL:
 \url{https://habr.com/ru/articles/68262/} (дата
 обращения: 24.12.2023)}
}

@online{stp-for-small,
    note = {Сети для самых маленьких. Часть четвертая. STP // Хабр URL:
 \url{https://habr.com/ru/articles/143768/} (дата
 обращения: 24.12.2023)}
}

@online{cisco-etherchannel,
    note = {Основы компьютерных сетей. Тема №8. Протокол агрегирования
 каналов: Etherchannel // Хабр URL:
 \url{https://habr.com/ru/articles/334778/} (дата
 обращения 24.12.2023)}
}

@online{rsa,
    note = {Криптография с открытым ключом: ключи RSA // Хабр URL:
 \url{https://habr.com/ru/articles/767750/} (дата
 обращения: 24.12.2023)}
}

@online{apache-vs-nginx,
    note = {Apache vs Nginx: практический взгляд // Хабр URL:
 \url{https://habr.com/ru/articles/267721/} (дата
 обращения 24.12.2023)}
}

@online{dscp-value,
    note = {Приоритет IP и значения DSCP в QoS (Quality of Service) // Блог
 SEDICOMM URL:
\url{ttps://blog.sedicomm.com/2021/10/25/prioritet-ip-i-znacheniya-dscp-v-qos
-quality-of-service/} (дата обращения: 24.12.2023}
}

@online{archimate,
    note = {Язык моделирования Архимейт // URL:
\url{https://www.businessstudio.ru/help/docs/current/doku.php/ru/manual
/archimate/technology_layer}
    (дата обращения 16.12.2024)}
}

@online{bitrix,
    note = {Знакомый незнакомец. What is Битрикс24? // Блог компании
 Битрикс24 URL:
\url{https://habr.com/ru/companies/bitrix/articles/274165/}(дата обращения:
16.12.2024)}
}

@online{docker,
    note = {Изучаем Docker Habr // Блог компании RUVDS URL:
\url{https://habr.com/ru/companies/ruvds/articles/438796/}(дата
 обращения: 16.12.2024)}
}

@online{uml,
    note = {Изучаем UML // URL: \url{
    https://habr.com/ru/articles/572234/}(дата
 обращения: 16.12.2024)}
}

@online{docker-compose,
    note = {Официальная документация по docker-compose // URL:
 \url{https://docs.docker.com/compose/}(дата
 обращения: 16.12.2024)}
}

@online{prox-mox,
    note = {Официальный сайт prox mox с документацией // URL:
 \url{https://www.proxmox.com/en/}(дата
 обращения: 16.12.2024)}
}

@online{opa,
    note = {Официальный сайт Open Policy Agent с документацией // URL:
 \url{https://www.openpolicyagent.org/}(дата
 обращения: 16.12.2024)}
}

@book{query-theory,
    note = {Жан Вальран, Шьям Парех Коммуникационные сети: краткое
 введение. - М.: ДМК Пресс, 2023. - 268 с.}
}

%инфра

@online{absolut-MaxPatrol-usage,
    note = {<<Абсолют Банк>> контролирует IT-инфраструктуру с помощью
MaxPatrol SIEM //
URL:
\url{https://www.ptsecurity.com/ru-ru/about/news/absolyut-bank-kontroliruet-it
-infrastrukturu-s-pomoshchyu-maxpatrol-siem/} (дата
 обращения: 16.03.2025)}
}

@online{absolut-infrastructure-usage,
    note = {Технологии используемые в ИТ-инфраструктуре <<Абсолют Банк>> //
URL: \url{https://www.zoominfo.com/c/absolut-bank/354517810} (дата
 обращения: 16.03.2025)}
}

@online{BPMSoft-usage,
    note = {CRM система BPMSoft //
URL:
\url{https://www.comnews.ru/digital-economy/content/238007/2025-02-27/2025-w09
/1012/absolyut-bank-zavershil-cifrovuyu-transformaciyu-klientskikh-processov}
(дата бращения: 17.03.2025)}
}

@online{google-cloud,
    note = {Google cloud //
 URL: \url{https://cloud.google.com/?hl=en} (дата обращения: 17.03.2025)}
}
%инфра

%ПК

@online{intel-corei3-4130,
    note = {Характеристики процессора Intel Core I3-4130 //
URL:
\url{https://www.intel.com/content/www/us/en/products/sku/77480/intel-core
-i34130-processor-3m-cache-3-40-ghz/specifications.html} (дата
 обращения: 17.03.2025)}
}

@online{aquarius-aqbook-NE355,
    note = {Описание и характеристики ноутбука Aquarius AQbook NE355 //
URL:
\url{https://www.aq.ru/product/aquarius-cmp-ne355/} (дата обращения:
17.03.2025)}
}
%ПК


@online{banks-rating,
    note = {Рейтинг банков Россйской Федерации //
URL: \url{https://www.banki.ru/banks/ratings/} (дата обращения: 16.03.2025)}
}

@online{archimate-landing,
    note = {Официальный сайт ArchiMate //
URL: \url{https://www.archimatetool.com/} (дата обращения: 18.03.2025)}
}

@book{smart2.0,
    note = {SMART 2.0. Как ставить цели, которые работают. - Александр Жакупов,
2016. - 136 с.}
}